<?xml version="1.0" encoding="UTF-8"?>
<SOAP-ENV:Envelope xmlns:SOAP-ENV="http://schemas.xmlsoap.org/soap/envelope/" xmlns:mx="http://www.loc.gov/MARC21/slim" xmlns:of="http://oss.dbc.dk/ns/openformat"><SOAP-ENV:Body><of:formatResponse><marc21><mx:record format="MARC21" type="Bibliographic"><mx:leader>00000ngm a22000000c 4500</mx:leader><mx:controlfield tag="007">vd||v||||</mx:controlfield><mx:controlfield tag="008">040106s2003    dk |||| |||||  |||v|dan|d</mx:controlfield><mx:datafield ind1="8" ind2=" " tag="024"><mx:subfield code="a">0724349090996</mx:subfield></mx:datafield><mx:datafield ind1="8" ind2=" " tag="024"><mx:subfield code="a">25017498</mx:subfield></mx:datafield><mx:datafield ind1="8" ind2=" " tag="024"><mx:subfield code="a">4909099</mx:subfield></mx:datafield><mx:datafield ind1="1" ind2=" " tag="029"><mx:subfield code="a">DKDLA</mx:subfield><mx:subfield code="b">870970-basis:25017498</mx:subfield></mx:datafield><mx:datafield ind1=" " ind2=" " tag="040"><mx:subfield code="a">DKDLA</mx:subfield><mx:subfield code="b">dan</mx:subfield><mx:subfield code="c">DKDLA</mx:subfield><mx:subfield code="e">kbsdb</mx:subfield></mx:datafield><mx:datafield ind1=" " ind2=" " tag="049"><mx:subfield code="a">DK-190101</mx:subfield></mx:datafield><mx:datafield ind1=" " ind2=" " tag="084"><mx:subfield code="a">77.56</mx:subfield><mx:subfield code="2">z</mx:subfield></mx:datafield><mx:datafield ind1="0" ind2="0" tag="245"><mx:subfield code="a">Rune Klan - tre-i-en</mx:subfield><mx:subfield code="h">[videooptagelse]</mx:subfield></mx:datafield><mx:datafield ind1=" " ind2=" " tag="260"><mx:subfield code="a">[S.l.] :</mx:subfield><mx:subfield code="b">CMC,</mx:subfield><mx:subfield code="c">[2003]</mx:subfield></mx:datafield><mx:datafield ind1=" " ind2=" " tag="300"><mx:subfield code="a">1 dvd-video (120 min.) :</mx:subfield><mx:subfield code="b">farve med sort-hvide sekvenser</mx:subfield></mx:datafield><mx:datafield ind1=" " ind2=" " tag="500"><mx:subfield code="a">4909099</mx:subfield></mx:datafield><mx:datafield ind1="1" ind2=" " tag="700"><mx:subfield code="a">Klan, Rune</mx:subfield></mx:datafield><mx:datafield ind1="0" ind2=" " tag="740"><mx:subfield code="a">Tre-i-en</mx:subfield></mx:datafield><mx:datafield ind1="0" ind2=" " tag="740"><mx:subfield code="a">3 i en</mx:subfield></mx:datafield><mx:datafield ind1=" " ind2=" " tag="901"><mx:subfield code="a">792</mx:subfield></mx:datafield></mx:record><hs activity="insert">DKDLA</hs></marc21></of:formatResponse></SOAP-ENV:Body></SOAP-ENV:Envelope>
